% This file was created with JabRef 2.6.
% Encoding: Cp1252

@INPROCEEDINGS{AltKW01,
  author = {Helmut Alt and Christian Knauer and Carola Wenk},
  title = {Matching Polygonal Curves with Respect to the Fr{\'{e}}chet Distance},
  booktitle = {{STACS} 2001, 18th Annual Symposium on Theoretical Aspects of Computer
	Science, Dresden, Germany, February 15-17, 2001, Proceedings},
  year = {2001},
  pages = {63--74},
  bibsource = {dblp computer science bibliography, http://dblp.org},
  biburl = {http://dblp.uni-trier.de/rec/bib/conf/stacs/AltKW01},
  crossref = {DBLP:conf/stacs/2001},
  doi = {10.1007/3-540-44693-1_6},
  timestamp = {Tue, 14 Oct 2014 12:25:36 +0200},
  url = {http://dx.doi.org/10.1007/3-540-44693-1_6}
}

@INPROCEEDINGS{AronovHKWW06,
  author = {Boris Aronov and Sariel Har{-}Peled and Christian Knauer and Yusu
	Wang and Carola Wenk},
  title = {Fr{\'{e}}chet Distance for Curves, Revisited},
  booktitle = {Algorithms - {ESA} 2006, 14th Annual European Symposium, Zurich,
	Switzerland, September 11-13, 2006, Proceedings},
  year = {2006},
  pages = {52--63},
  bibsource = {dblp computer science bibliography, http://dblp.org},
  biburl = {http://dblp.uni-trier.de/rec/bib/conf/esa/AronovHKWW06},
  crossref = {DBLP:conf/esa/2006},
  doi = {10.1007/11841036_8},
  timestamp = {Tue, 14 Oct 2014 12:25:01 +0200},
  url = {http://dx.doi.org/10.1007/11841036_8}
}

@INPROCEEDINGS{AvrahamFKKS14,
  author = {Rinat Ben Avraham and Omrit Filtser and Haim Kaplan and Matthew J.
	Katz and Micha Sharir},
  title = {The Discrete Fr{\'{e}}chet Distance with Shortcuts via Approximate
	Distance Counting and Selection},
  booktitle = {30th Annual Symposium on Computational Geometry, SOCG'14, Kyoto,
	Japan, June 08 - 11, 2014},
  year = {2014},
  pages = {377},
  bibsource = {dblp computer science bibliography, http://dblp.org},
  biburl = {http://dblp.uni-trier.de/rec/bib/conf/compgeom/AvrahamFKKS14},
  crossref = {DBLP:conf/compgeom/2014},
  doi = {10.1145/2582112.2582155},
  timestamp = {Tue, 14 Oct 2014 12:23:31 +0200},
  url = {http://doi.acm.org/10.1145/2582112.2582155}
}

@INPROCEEDINGS{BeregJWYZ08,
  author = {Sergey Bereg and Minghui Jiang and Wencheng Wang and Boting Yang
	and Binhai Zhu},
  title = {Simplifying 3D Polygonal Chains Under the Discrete Fr{\'{e}}chet
	Distance},
  booktitle = {{LATIN} 2008: Theoretical Informatics, 8th Latin American Symposium,
	B{\'{u}}zios, Brazil, April 7-11, 2008, Proceedings},
  year = {2008},
  pages = {630--641},
  bibsource = {dblp computer science bibliography, http://dblp.org},
  biburl = {http://dblp.uni-trier.de/rec/bib/conf/latin/BeregJWYZ08},
  crossref = {DBLP:conf/latin/2008},
  doi = {10.1007/978-3-540-78773-0_54},
  timestamp = {Tue, 14 Oct 2014 12:21:37 +0200},
  url = {http://dx.doi.org/10.1007/978-3-540-78773-0_54}
}

@INPROCEEDINGS{BrakatsoulasPSW05,
  author = {Sotiris Brakatsoulas and Dieter Pfoser and Randall Salas and Carola
	Wenk},
  title = {On Map-Matching Vehicle Tracking Data},
  booktitle = {Proceedings of the 31st International Conference on Very Large Data
	Bases, Trondheim, Norway, August 30 - September 2, 2005},
  year = {2005},
  pages = {853--864},
  bibsource = {dblp computer science bibliography, http://dblp.org},
  biburl = {http://dblp.uni-trier.de/rec/bib/conf/vldb/BrakatsoulasPSW05},
  crossref = {DBLP:conf/vldb/2005},
  timestamp = {Tue, 14 Oct 2014 12:21:10 +0200},
  url = {http://www.vldb2005.org/program/paper/fri/p853-brakatsoulas.pdf}
}

@INPROCEEDINGS{Bringmann14,
  author = {Karl Bringmann},
  title = {Why Walking the Dog Takes Time: Frechet Distance Has No Strongly
	Subquadratic Algorithms Unless {SETH} Fails},
  booktitle = {55th {IEEE} Annual Symposium on Foundations of Computer Science,
	{FOCS} 2014, Philadelphia, PA, USA, October 18-21, 2014},
  year = {2014},
  pages = {661--670},
  bibsource = {dblp computer science bibliography, http://dblp.org},
  biburl = {http://dblp.uni-trier.de/rec/bib/conf/focs/Bringmann14},
  crossref = {DBLP:conf/focs/2014},
  doi = {10.1109/FOCS.2014.76},
  timestamp = {Wed, 02 Sep 2015 14:03:02 +0200},
  url = {http://dx.doi.org/10.1109/FOCS.2014.76}
}

@INPROCEEDINGS{BuchinBG08,
  author = {Kevin Buchin and Maike Buchin and Joachim Gudmundsson},
  title = {Detecting single file movement},
  booktitle = {16th {ACM} {SIGSPATIAL} International Symposium on Advances in Geographic
	Information Systems, {ACM-GIS} 2008, November 5-7, 2008, Irvine,
	California, USA, Proceedings},
  year = {2008},
  pages = {33},
  bibsource = {dblp computer science bibliography, http://dblp.org},
  biburl = {http://dblp.uni-trier.de/rec/bib/conf/gis/BuchinBG08},
  crossref = {DBLP:conf/gis/2008},
  doi = {10.1145/1463434.1463476},
  timestamp = {Tue, 14 Oct 2014 13:14:04 +0200},
  url = {http://doi.acm.org/10.1145/1463434.1463476}
}

@INPROCEEDINGS{BuchinBMM14,
  author = {Kevin Buchin and Maike Buchin and Wouter Meulemans and Wolfgang Mulzer},
  title = {Four Soviets Walk the Dog - with an Application to Alt's Conjecture},
  booktitle = {Proceedings of the Twenty-Fifth Annual {ACM-SIAM} Symposium on Discrete
	Algorithms, {SODA} 2014, Portland, Oregon, USA, January 5-7, 2014},
  year = {2014},
  pages = {1399--1413},
  bibsource = {dblp computer science bibliography, http://dblp.org},
  biburl = {http://dblp.uni-trier.de/rec/bib/conf/soda/BuchinBMM14},
  crossref = {DBLP:conf/soda/2014},
  doi = {10.1137/1.9781611973402.103},
  timestamp = {Tue, 14 Oct 2014 12:20:42 +0200},
  url = {http://dx.doi.org/10.1137/1.9781611973402.103}
}

@INPROCEEDINGS{BuchinBMS12,
  author = {Kevin Buchin and Maike Buchin and Wouter Meulemans and Bettina Speckmann},
  title = {Locally Correct Fr{\'{e}}chet Matchings},
  booktitle = {Algorithms - {ESA} 2012 - 20th Annual European Symposium, Ljubljana,
	Slovenia, September 10-12, 2012. Proceedings},
  year = {2012},
  pages = {229--240},
  bibsource = {dblp computer science bibliography, http://dblp.org},
  biburl = {http://dblp.uni-trier.de/rec/bib/conf/esa/BuchinBMS12},
  crossref = {DBLP:conf/esa/2012},
  doi = {10.1007/978-3-642-33090-2_21},
  timestamp = {Tue, 14 Oct 2014 12:20:11 +0200},
  url = {http://dx.doi.org/10.1007/978-3-642-33090-2_21}
}

@INPROCEEDINGS{BuchinBW09,
  author = {Kevin Buchin and Maike Buchin and Yusu Wang},
  title = {Exact algorithms for partial curve matching via the Fr{\'{e}}chet
	distance},
  booktitle = {Proceedings of the Twentieth Annual {ACM-SIAM} Symposium on Discrete
	Algorithms, {SODA} 2009, New York, NY, USA, January 4-6, 2009},
  year = {2009},
  pages = {645--654},
  bibsource = {dblp computer science bibliography, http://dblp.org},
  biburl = {http://dblp.uni-trier.de/rec/bib/conf/soda/BuchinBW09},
  crossref = {DBLP:conf/soda/2009},
  timestamp = {Tue, 14 Oct 2014 12:18:56 +0200},
  url = {http://dl.acm.org/citation.cfm?id=1496770.1496841}
}

@INPROCEEDINGS{BuchinDS14,
  author = {Maike Buchin and Anne Driemel and Bettina Speckmann},
  title = {Computing the Fr{\'{e}}chet distance with shortcuts is NP-hard},
  booktitle = {30th Annual Symposium on Computational Geometry, SOCG'14, Kyoto,
	Japan, June 08 - 11, 2014},
  year = {2014},
  pages = {367},
  bibsource = {dblp computer science bibliography, http://dblp.org},
  biburl = {http://dblp.uni-trier.de/rec/bib/conf/compgeom/BuchinDS14},
  crossref = {DBLP:conf/compgeom/2014},
  doi = {10.1145/2582112.2582144},
  timestamp = {Tue, 14 Oct 2014 12:18:27 +0200},
  url = {http://doi.acm.org/10.1145/2582112.2582144}
}

@INPROCEEDINGS{ChenDGNW11,
  author = {Daniel Chen and Anne Driemel and Leonidas J. Guibas and Andy Nguyen
	and Carola Wenk},
  title = {Approximate Map Matching with respect to the Fr{\'{e}}chet Distance},
  booktitle = {Proceedings of the Thirteenth Workshop on Algorithm Engineering and
	Experiments, {ALENEX} 2011, Holiday Inn San Francisco Golden Gateway,
	San Francisco, California, USA, January 22, 2011},
  year = {2011},
  pages = {75--83},
  bibsource = {dblp computer science bibliography, http://dblp.org},
  biburl = {http://dblp.uni-trier.de/rec/bib/conf/alenex/ChenDGNW11},
  crossref = {DBLP:conf/alenex/2011},
  doi = {10.1137/1.9781611972917.8},
  timestamp = {Tue, 14 Oct 2014 12:17:31 +0200},
  url = {http://dx.doi.org/10.1137/1.9781611972917.8}
}

@INPROCEEDINGS{WenkC08,
  author = {Atlas F. Cook and Carola Wenk},
  title = {Geodesic Fr{\'{e}}chet Distance Inside a Simple Polygon},
  booktitle = {{STACS} 2008, 25th Annual Symposium on Theoretical Aspects of Computer
	Science, Bordeaux, France, February 21-23, 2008, Proceedings},
  year = {2008},
  pages = {193--204},
  bibsource = {dblp computer science bibliography, http://dblp.org},
  biburl = {http://dblp.uni-trier.de/rec/bib/conf/stacs/WenkC08},
  crossref = {DBLP:conf/stacs/2008},
  doi = {10.4230/LIPIcs.STACS.2008.1330},
  timestamp = {Sun, 26 Oct 2014 09:39:38 +0100},
  url = {http://dx.doi.org/10.4230/LIPIcs.STACS.2008.1330}
}

@INPROCEEDINGS{DorrigivDFFLMSS09,
  author = {Reza Dorrigiv and Stephane Durocher and Arash Farzan and Robert Fraser
	and Alejandro L{\'{o}}pez{-}Ortiz and J. Ian Munro and Alejandro
	Salinger and Matthew Skala},
  title = {Finding a Hausdorff Core of a Polygon: On Convex Polygon Containment
	with Bounded Hausdorff Distance},
  booktitle = {Algorithms and Data Structures, 11th International Symposium, {WADS}
	2009, Banff, Canada, August 21-23, 2009. Proceedings},
  year = {2009},
  pages = {218--229},
  bibsource = {dblp computer science bibliography, http://dblp.org},
  biburl = {http://dblp.uni-trier.de/rec/bib/conf/wads/DorrigivDFFLMSS09},
  crossref = {DBLP:conf/wads/2009},
  doi = {10.1007/978-3-642-03367-4_20},
  timestamp = {Wed, 22 Oct 2014 13:11:07 +0200},
  url = {http://dx.doi.org/10.1007/978-3-642-03367-4_20}
}

@INPROCEEDINGS{DumitrescuR04,
  author = {Adrian Dumitrescu and G{\"{u}}nter Rote},
  title = {On the Fr{\'{e}}chet distance of a set of curves},
  booktitle = {Proceedings of the 16th Canadian Conference on Computational Geometry,
	CCCG'04, Concordia University, Montr{\'{e}}al, Qu{\'{e}}bec, Canada,
	August 9-11, 2004},
  year = {2004},
  pages = {162--165},
  bibsource = {dblp computer science bibliography, http://dblp.org},
  biburl = {http://dblp.uni-trier.de/rec/bib/conf/cccg/DumitrescuR04},
  crossref = {DBLP:conf/cccg/2004},
  timestamp = {Thu, 23 Oct 2014 10:19:59 +0200},
  url = {http://www.cccg.ca/proceedings/2004/39.pdf}
}

@INPROCEEDINGS{FanFKWZ15,
  author = {Chenglin Fan and Omrit Filtser and Matthew J. Katz and Tim Wylie
	and Binhai Zhu},
  title = {On the Chain Pair Simplification Problem},
  booktitle = {Algorithms and Data Structures - 14th International Symposium, {WADS}
	2015, Victoria, BC, Canada, August 5-7, 2015. Proceedings},
  year = {2015},
  pages = {351--362},
  bibsource = {dblp computer science bibliography, http://dblp.org},
  biburl = {http://dblp.uni-trier.de/rec/bib/conf/wads/FanFKWZ15},
  crossref = {DBLP:conf/wads/2015},
  doi = {10.1007/978-3-319-21840-3_29},
  timestamp = {Tue, 28 Jul 2015 14:14:25 +0200},
  url = {http://dx.doi.org/10.1007/978-3-319-21840-3_29}
}

@INPROCEEDINGS{Godau91,
  author = {Michael Godau},
  title = {A Natural Metric for Curves - Computing the Distance for Polygonal
	Chains and Approximation Algorithms},
  booktitle = {{STACS} 91, 8th Annual Symposium on Theoretical Aspects of Computer
	Science, Hamburg, Germany, February 14-16, 1991, Proceedings},
  year = {1991},
  pages = {127--136},
  bibsource = {dblp computer science bibliography, http://dblp.org},
  biburl = {http://dblp.uni-trier.de/rec/bib/conf/stacs/Godau91},
  crossref = {DBLP:conf/stacs/1991},
  doi = {10.1007/BFb0020793},
  timestamp = {Tue, 14 Oct 2014 12:07:45 +0200},
  url = {http://dx.doi.org/10.1007/BFb0020793}
}

@INPROCEEDINGS{Har-PeledR11,
  author = {Sariel Har{-}Peled and Benjamin Raichel},
  title = {The frechet distance revisited and extended},
  booktitle = {Proceedings of the 27th {ACM} Symposium on Computational Geometry,
	Paris, France, June 13-15, 2011},
  year = {2011},
  pages = {448--457},
  bibsource = {dblp computer science bibliography, http://dblp.org},
  biburl = {http://dblp.uni-trier.de/rec/bib/conf/compgeom/Har-PeledR11},
  crossref = {DBLP:conf/compgeom/2011},
  doi = {10.1145/1998196.1998269},
  timestamp = {Thu, 23 Oct 2014 10:54:00 +0200},
  url = {http://doi.acm.org/10.1145/1998196.1998269}
}

@INPROCEEDINGS{Har-PeledR13,
  author = {Sariel Har{-}Peled and Benjamin Adam Raichel},
  title = {Net and prune: a linear time algorithm for euclidean distance problems},
  booktitle = {Symposium on Theory of Computing Conference, STOC'13, Palo Alto,
	CA, USA, June 1-4, 2013},
  year = {2013},
  pages = {605--614},
  bibsource = {dblp computer science bibliography, http://dblp.org},
  biburl = {http://dblp.uni-trier.de/rec/bib/conf/stoc/Har-PeledR13},
  crossref = {DBLP:conf/stoc/2013},
  doi = {10.1145/2488608.2488684},
  timestamp = {Tue, 14 Oct 2014 13:18:20 +0200},
  url = {http://doi.acm.org/10.1145/2488608.2488684}
}

@INPROCEEDINGS{KimKS05,
  author = {Man{-}Soon Kim and Sang{-}Wook Kim and Miyoung Shin},
  title = {Optimization of subsequence matching under time warping in time-series
	databases},
  booktitle = {Proceedings of the 2005 {ACM} Symposium on Applied Computing (SAC),
	Santa Fe, New Mexico, USA, March 13-17, 2005},
  year = {2005},
  pages = {581--586},
  bibsource = {dblp computer science bibliography, http://dblp.org},
  biburl = {http://dblp.uni-trier.de/rec/bib/conf/sac/KimKS05},
  crossref = {DBLP:conf/sac/2005},
  doi = {10.1145/1066677.1066814},
  timestamp = {Tue, 14 Oct 2014 13:20:18 +0200},
  url = {http://doi.acm.org/10.1145/1066677.1066814}
}

@INPROCEEDINGS{KreveldW11,
  author = {Marc J. van Kreveld and Lionov Wiratma},
  title = {Median trajectories using well-visited regions and shortest paths},
  booktitle = {19th {ACM} {SIGSPATIAL} International Symposium on Advances in Geographic
	Information Systems, {ACM-GIS} 2011, November 1-4, 2011, Chicago,
	IL, USA, Proceedings},
  year = {2011},
  pages = {241--250},
  bibsource = {dblp computer science bibliography, http://dblp.org},
  biburl = {http://dblp.uni-trier.de/rec/bib/conf/gis/KreveldW11},
  crossref = {DBLP:conf/gis/2011},
  doi = {10.1145/2093973.2094006},
  timestamp = {Wed, 29 Oct 2014 10:41:07 +0100},
  url = {http://doi.acm.org/10.1145/2093973.2094006}
}

@INPROCEEDINGS{WenkSP06,
  author = {Carola Wenk and Randall Salas and Dieter Pfoser},
  title = {Addressing the Need for Map-Matching Speed: Localizing Globalb Curve-Matching
	Algorithms},
  booktitle = {18th International Conference on Scientific and Statistical Database
	Management, {SSDBM} 2006, 3-5 July 2006, Vienna, Austria, Proceedings},
  year = {2006},
  pages = {379--388},
  bibsource = {dblp computer science bibliography, http://dblp.org},
  biburl = {http://dblp.uni-trier.de/rec/bib/conf/ssdbm/WenkSP06},
  crossref = {DBLP:conf/ssdbm/2006},
  doi = {10.1109/SSDBM.2006.11},
  timestamp = {Tue, 14 Oct 2014 13:24:15 +0200},
  url = {http://dx.doi.org/10.1109/SSDBM.2006.11}
}

@INPROCEEDINGS{WylieLZ11,
  author = {Tim Wylie and Jun Luo and Binhai Zhu},
  title = {A Practical Solution for Aligning and Simplifying Pairs of Protein
	Backbones under the Discrete Fr{\'{e}}chet Distance},
  booktitle = {Computational Science and Its Applications - {ICCSA} 2011 - International
	Conference, Santander, Spain, June 20-23, 2011. Proceedings, Part
	{III}},
  year = {2011},
  pages = {74--83},
  bibsource = {dblp computer science bibliography, http://dblp.org},
  biburl = {http://dblp.uni-trier.de/rec/bib/conf/iccsa/WylieLZ11},
  crossref = {DBLP:conf/iccsa/2011-3},
  doi = {10.1007/978-3-642-21931-3_6},
  timestamp = {Tue, 14 Oct 2014 12:03:51 +0200},
  url = {http://dx.doi.org/10.1007/978-3-642-21931-3_6}
}

@INPROCEEDINGS{WylieZ12,
  author = {Tim Wylie and Binhai Zhu},
  title = {A Polynomial Time Solution for Protein Chain Pair Simplification
	under the Discrete Fr{\'{e}}chet Distance},
  booktitle = {Bioinformatics Research and Applications - 8th International Symposium,
	{ISBRA} 2012, Dallas, TX, USA, May 21-23, 2012. Proceedings},
  year = {2012},
  pages = {287--298},
  bibsource = {dblp computer science bibliography, http://dblp.org},
  biburl = {http://dblp.uni-trier.de/rec/bib/conf/isbra/WylieZ12},
  crossref = {DBLP:conf/isbra/2012},
  doi = {10.1007/978-3-642-30191-9_27},
  timestamp = {Tue, 14 Oct 2014 12:02:27 +0200},
  url = {http://dx.doi.org/10.1007/978-3-642-30191-9_27}
}

@ARTICLE{AgarwalAKS14,
  author = {Pankaj K. Agarwal and Rinat Ben Avraham and Haim Kaplan and Micha
	Sharir},
  title = {Computing the Discrete Fr{\'{e}}chet Distance in Subquadratic Time},
  journal = {{SIAM} J. Comput.},
  year = {2014},
  volume = {43},
  pages = {429--449},
  number = {2},
  bibsource = {dblp computer science bibliography, http://dblp.org},
  biburl = {http://dblp.uni-trier.de/rec/bib/journals/siamcomp/AgarwalAKS14},
  doi = {10.1137/130920526},
  timestamp = {Tue, 14 Oct 2014 12:28:18 +0200},
  url = {http://dx.doi.org/10.1137/130920526}
}

@ARTICLE{AgarwalHMW05,
  author = {Pankaj K. Agarwal and Sariel Har{-}Peled and Nabil H. Mustafa and
	Yusu Wang},
  title = {Near-Linear Time Approximation Algorithms for Curve Simplification},
  journal = {Algorithmica},
  year = {2005},
  volume = {42},
  pages = {203--219},
  number = {3-4},
  bibsource = {dblp computer science bibliography, http://dblp.org},
  biburl = {http://dblp.uni-trier.de/rec/bib/journals/algorithmica/AgarwalHMW05},
  doi = {10.1007/s00453-005-1165-y},
  timestamp = {Tue, 14 Oct 2014 12:27:45 +0200},
  url = {http://dx.doi.org/10.1007/s00453-005-1165-y}
}

@ARTICLE{AhnKSSV12,
  author = {Hee{-}Kap Ahn and Christian Knauer and Marc Scherfenberg and Lena
	Schlipf and Antoine Vigneron},
  title = {Computing the Discrete Fr{\'{e}}chet Distance with Imprecise Input},
  journal = {Int. J. Comput. Geometry Appl.},
  year = {2012},
  volume = {22},
  pages = {27--44},
  number = {1},
  bibsource = {dblp computer science bibliography, http://dblp.org},
  biburl = {http://dblp.uni-trier.de/rec/bib/journals/ijcga/AhnKSSV12},
  doi = {10.1142/S0218195912600023},
  timestamp = {Thu, 18 Oct 2012 11:34:12 +0200},
  url = {http://dx.doi.org/10.1142/S0218195912600023}
}

@ARTICLE{AltERW03,
  author = {Helmut Alt and Alon Efrat and G{\"{u}}nter Rote and Carola Wenk},
  title = {Matching planar maps},
  journal = {J. Algorithms},
  year = {2003},
  volume = {49},
  pages = {262--283},
  number = {2},
  bibsource = {dblp computer science bibliography, http://dblp.org},
  biburl = {http://dblp.uni-trier.de/rec/bib/journals/jal/AltERW03},
  doi = {10.1016/S0196-6774(03)00085-3},
  timestamp = {Tue, 14 Oct 2014 12:26:59 +0200},
  url = {http://dx.doi.org/10.1016/S0196-6774(03)00085-3}
}

@ARTICLE{AltG95,
  author = {Helmut Alt and Michael Godau},
  title = {Computing the Fr{\'{e}}chet distance between two polygonal curves},
  journal = {Int. J. Comput. Geometry Appl.},
  year = {1995},
  volume = {5},
  pages = {75--91},
  bibsource = {dblp computer science bibliography, http://dblp.org},
  biburl = {http://dblp.uni-trier.de/rec/bib/journals/ijcga/AltG95},
  doi = {10.1142/S0218195995000064},
  timestamp = {Tue, 14 Oct 2014 12:26:03 +0200},
  url = {http://dx.doi.org/10.1142/S0218195995000064}
}

@INPROCEEDINGS{AltG92,
  author = {Helmut Alt and Michael Godau},
  title = {Measuring the Resemblance of Polygonal Curves},
  booktitle = {Symposium on Computational Geometry},
  year = {1992},
  pages = {102--109},
  bibsource = {dblp computer science bibliography, http://dblp.org},
  biburl = {http://dblp.uni-trier.de/rec/bib/conf/compgeom/AltG92},
  doi = {10.1145/142675.142699},
  timestamp = {Tue, 14 Oct 2014 12:26:30 +0200},
  url = {http://doi.acm.org/10.1145/142675.142699}
}

@ARTICLE{AvrahamKS15,
  author = {Rinat Ben Avraham and Haim Kaplan and Micha Sharir},
  title = {A faster algorithm for the discrete Fr{\'{e}}chet distance under
	translation},
  journal = {CoRR},
  year = {2015},
  volume = {abs/1501.03724},
  bibsource = {dblp computer science bibliography, http://dblp.org},
  biburl = {http://dblp.uni-trier.de/rec/bib/journals/corr/AvrahamKS15},
  timestamp = {Mon, 02 Feb 2015 14:12:25 +0100},
  url = {http://arxiv.org/abs/1501.03724}
}

@ARTICLE{BespamyatnikhS02,
  author = {Sergei Bespamyatnikh and Michael Segal},
  title = {Fast Algorithms for Approximating Distances},
  journal = {Algorithmica},
  year = {2002},
  volume = {33},
  pages = {263--269},
  number = {2},
  bibsource = {dblp computer science bibliography, http://dblp.org},
  biburl = {http://dblp.uni-trier.de/rec/bib/journals/algorithmica/BespamyatnikhS02},
  doi = {10.1007/s00453-001-0114-7},
  timestamp = {Tue, 14 Oct 2014 13:12:11 +0200},
  url = {http://dx.doi.org/10.1007/s00453-001-0114-7}
}

@ARTICLE{BringmannM16,
  author = {Karl Bringmann and Wolfgang Mulzer},
  title = {Approximability of the discrete Fr{\'{e}}chet distance},
  journal = {JoCG},
  year = {2016},
  volume = {7},
  pages = {46--76},
  number = {2},
  bibsource = {dblp computer science bibliography, http://dblp.org},
  biburl = {http://dblp.uni-trier.de/rec/bib/journals/jocg/BringmannM16},
  timestamp = {Wed, 06 Jan 2016 16:29:47 +0100},
  url = {http://jocg.org/index.php/jocg/article/view/261}
}

@ARTICLE{BuchinBGLL11,
  author = {Kevin Buchin and Maike Buchin and Joachim Gudmundsson and Maarten
	L{\"{o}}ffler and Jun Luo},
  title = {Detecting Commuting Patterns by Clustering Subtrajectories},
  journal = {Int. J. Comput. Geometry Appl.},
  year = {2011},
  volume = {21},
  pages = {253--282},
  number = {3},
  bibsource = {dblp computer science bibliography, http://dblp.org},
  biburl = {http://dblp.uni-trier.de/rec/bib/journals/ijcga/BuchinBGLL11},
  doi = {10.1142/S0218195911003652},
  timestamp = {Tue, 14 Oct 2014 13:15:09 +0200},
  url = {http://dx.doi.org/10.1142/S0218195911003652}
}

@ARTICLE{BuchinBKLSWW13,
  author = {Kevin Buchin and Maike Buchin and Marc J. van Kreveld and Maarten
	L{\"{o}}ffler and Rodrigo I. Silveira and Carola Wenk and Lionov
	Wiratma},
  title = {Median Trajectories},
  journal = {Algorithmica},
  year = {2013},
  volume = {66},
  pages = {595--614},
  number = {3},
  bibsource = {dblp computer science bibliography, http://dblp.org},
  biburl = {http://dblp.uni-trier.de/rec/bib/journals/algorithmica/BuchinBKLSWW13},
  doi = {10.1007/s00453-012-9654-2},
  timestamp = {Thu, 23 Oct 2014 10:20:58 +0200},
  url = {http://dx.doi.org/10.1007/s00453-012-9654-2}
}

@ARTICLE{ChambersVELLT10,
  author = {Erin W. Chambers and {\'{E}}ric Colin de Verdi{\`{e}}re and Jeff
	Erickson and Sylvain Lazard and Francis Lazarus and Shripad Thite},
  title = {Homotopic Fr{\'{e}}chet distance between curves or, walking your
	dog in the woods in polynomial time},
  journal = {Comput. Geom.},
  year = {2010},
  volume = {43},
  pages = {295--311},
  number = {3},
  bibsource = {dblp computer science bibliography, http://dblp.org},
  biburl = {http://dblp.uni-trier.de/rec/bib/journals/comgeo/ChambersVELLT10},
  doi = {10.1016/j.comgeo.2009.02.008},
  timestamp = {Sun, 26 Oct 2014 09:46:46 +0100},
  url = {http://dx.doi.org/10.1016/j.comgeo.2009.02.008}
}

@ARTICLE{Chazelle93a,
  author = {Bernard Chazelle},
  title = {Cutting Hyperplanes for Divide-and-Conquer},
  journal = {Discrete {\&} Computational Geometry},
  year = {1993},
  volume = {9},
  pages = {145--158},
  bibsource = {dblp computer science bibliography, http://dblp.org},
  biburl = {http://dblp.uni-trier.de/rec/bib/journals/dcg/Chazelle93a},
  doi = {10.1007/BF02189314},
  timestamp = {Tue, 14 Oct 2014 13:16:16 +0200},
  url = {http://dx.doi.org/10.1007/BF02189314}
}

@ARTICLE{ChazelleF90,
  author = {Bernard Chazelle and Joel Friedman},
  title = {A deterministic view of random sampling and its use in geometry},
  journal = {Combinatorica},
  year = {1990},
  volume = {10},
  pages = {229--249},
  number = {3},
  bibsource = {dblp computer science bibliography, http://dblp.org},
  biburl = {http://dblp.uni-trier.de/rec/bib/journals/combinatorica/ChazelleF90},
  doi = {10.1007/BF02122778},
  timestamp = {Tue, 14 Oct 2014 13:16:56 +0200},
  url = {http://dx.doi.org/10.1007/BF02122778}
}

@ARTICLE{DasFLN12,
  author = {Gautam K. Das and Robert Fraser and Alejandro L{\'{o}}pez{-}Ortiz
	and Bradford G. Nickerson},
  title = {On the discrete Unit Disk Cover Problem},
  journal = {Int. J. Comput. Geometry Appl.},
  year = {2012},
  volume = {22},
  pages = {407--420},
  number = {5},
  bibsource = {dblp computer science bibliography, http://dblp.org},
  biburl = {http://dblp.uni-trier.de/rec/bib/journals/ijcga/DasFLN12},
  doi = {10.1142/S0218195912500094},
  timestamp = {Tue, 05 Mar 2013 16:05:40 +0100},
  url = {http://dx.doi.org/10.1142/S0218195912500094}
}

@PHDTHESIS{Driemel13,
  author = {Driemel, Anne},
  title = {Realistic Analysis for Algorithmic Problems on Geographical Data},
  school = {Utrecht University},
  year = {2013}
}

@ARTICLE{DriemelH13,
  author = {Anne Driemel and Sariel Har{-}Peled},
  title = {Jaywalking Your Dog: Computing the Fr{\'{e}}chet Distance with Shortcuts},
  journal = {{SIAM} J. Comput.},
  year = {2013},
  volume = {42},
  pages = {1830--1866},
  number = {5},
  bibsource = {dblp computer science bibliography, http://dblp.org},
  biburl = {http://dblp.uni-trier.de/rec/bib/journals/siamcomp/DriemelH13},
  doi = {10.1137/120865112},
  timestamp = {Tue, 14 Oct 2014 12:12:47 +0200},
  url = {http://dx.doi.org/10.1137/120865112}
}

@ARTICLE{DriemelHW12,
  author = {Anne Driemel and Sariel Har{-}Peled and Carola Wenk},
  title = {Approximating the Fr{\'{e}}chet Distance for Realistic Curves in
	Near Linear Time},
  journal = {Discrete {\&} Computational Geometry},
  year = {2012},
  volume = {48},
  pages = {94--127},
  number = {1},
  bibsource = {dblp computer science bibliography, http://dblp.org},
  biburl = {http://dblp.uni-trier.de/rec/bib/journals/dcg/DriemelHW12},
  doi = {10.1007/s00454-012-9402-z},
  timestamp = {Tue, 14 Oct 2014 12:11:57 +0200},
  url = {http://dx.doi.org/10.1007/s00454-012-9402-z}
}

@TECHREPORT{EiterM94,
  author = {Eiter, Thomas and Mannila, Heikki},
  title = {Computing discrete {F}r\'echet distance},
  institution = {Information Systems Dept, Technical University of Vienna},
  year = {1994},
  type = {Technical Report},
  number = {CD-TR 94/64},
  numpages = {8}
}

@ARTICLE{FanZ15,
  author = {Chenglin Fan and Binhai Zhu},
  title = {Complexity and Algorithms for the Discrete Fr{\'{e}}chet Distance
	Upper Bound with Imprecise Input},
  journal = {CoRR},
  year = {2015},
  volume = {abs/1509.02576},
  bibsource = {dblp computer science bibliography, http://dblp.org},
  biburl = {http://dblp.uni-trier.de/rec/bib/journals/corr/FanZ15a},
  timestamp = {Thu, 01 Oct 2015 14:28:48 +0200},
  url = {http://arxiv.org/abs/1509.02576}
}

@ARTICLE{Frechet1906,
  author = {Frechet, Maurice},
  title = {{Sur quelques points du calcul fonctionnel}},
  journal = {Rendiconti del Circolo Matematico di Palermo (1884 - 1940)},
  year = {1906},
  volume = {22},
  pages = {1--72},
  number = {1},
  month = dec,
  day = {1},
  doi = {10.1007/BF03018603},
  url = {http://dx.doi.org/10.1007/BF03018603}
}

@ARTICLE{Har-PeledS11,
  author = {Sariel Har{-}Peled and Micha Sharir},
  title = {Relative (\emph{p}, \emph{{\(\epsilon\)}})-Approximations in Geometry},
  journal = {Discrete {\&} Computational Geometry},
  year = {2011},
  volume = {45},
  pages = {462--496},
  number = {3},
  bibsource = {dblp computer science bibliography, http://dblp.org},
  biburl = {http://dblp.uni-trier.de/rec/bib/journals/dcg/Har-PeledS11},
  doi = {10.1007/s00454-010-9248-1},
  timestamp = {Tue, 14 Oct 2014 13:19:11 +0200},
  url = {http://dx.doi.org/10.1007/s00454-010-9248-1}
}

@ARTICLE{JiangXZ08,
  author = {Minghui Jiang and Ying Xu and Binhai Zhu},
  title = {Protein Structure-structure Alignment with Discrete Fr{\'{E}}chet
	Distance},
  journal = {J. Bioinformatics and Computational Biology},
  year = {2008},
  volume = {6},
  pages = {51--64},
  number = {1},
  bibsource = {dblp computer science bibliography, http://dblp.org},
  biburl = {http://dblp.uni-trier.de/rec/bib/journals/jbcb/JiangXZ08},
  doi = {10.1142/S0219720008003278},
  timestamp = {Tue, 14 Oct 2014 12:07:14 +0200},
  url = {http://dx.doi.org/10.1142/S0219720008003278}
}

@ARTICLE{KatzS97,
  author = {Matthew J. Katz and Micha Sharir},
  title = {An Expander-Based Approach to Geometric Optimization},
  journal = {{SIAM} J. Comput.},
  year = {1997},
  volume = {26},
  pages = {1384--1408},
  number = {5},
  bibsource = {dblp computer science bibliography, http://dblp.org},
  biburl = {http://dblp.uni-trier.de/rec/bib/journals/siamcomp/KatzS97},
  doi = {10.1137/S0097539794268649},
  timestamp = {Tue, 14 Oct 2014 13:19:48 +0200},
  url = {http://dx.doi.org/10.1137/S0097539794268649}
}

@ARTICLE{KwongHMCT98,
  author = {Sam Kwong and Qianhua He and Kim{-}Fung Man and Chak{-}Wai Chau and
	Kit{-}Sang Tang},
  title = {Parallel Genetic-Based Hybrid Pattern Matching Algorithm for Isolated
	Word Recognition},
  journal = {{IJPRAI}},
  year = {1998},
  volume = {12},
  pages = {573--594},
  number = {4},
  bibsource = {dblp computer science bibliography, http://dblp.org},
  biburl = {http://dblp.uni-trier.de/rec/bib/journals/ijprai/KwongHMCT98},
  doi = {10.1142/S0218001498000348},
  timestamp = {Tue, 14 Oct 2014 13:20:56 +0200},
  url = {http://dx.doi.org/10.1142/S0218001498000348}
}

@ARTICLE{LiLS01,
  author = {Yi Li and Philip M. Long and Aravind Srinivasan},
  title = {Improved Bounds on the Sample Complexity of Learning},
  journal = {J. Comput. Syst. Sci.},
  year = {2001},
  volume = {62},
  pages = {516--527},
  number = {3},
  bibsource = {dblp computer science bibliography, http://dblp.org},
  biburl = {http://dblp.uni-trier.de/rec/bib/journals/jcss/LiLS01},
  doi = {10.1006/jcss.2000.1741},
  timestamp = {Tue, 14 Oct 2014 13:21:28 +0200},
  url = {http://dx.doi.org/10.1006/jcss.2000.1741}
}

@ARTICLE{Matousek91a,
  author = {Jir{\'{\i}} Matousek},
  title = {Cutting Hyperplane Arrangements},
  journal = {Discrete {\&} Computational Geometry},
  year = {1991},
  volume = {6},
  pages = {385--406},
  bibsource = {dblp computer science bibliography, http://dblp.org},
  biburl = {http://dblp.uni-trier.de/rec/bib/journals/dcg/Matousek91a},
  doi = {10.1007/BF02574697},
  timestamp = {Tue, 14 Oct 2014 13:22:07 +0200},
  url = {http://dx.doi.org/10.1007/BF02574697}
}

@ARTICLE{MosigC05,
  author = {Axel Mosig and Michael Clausen},
  title = {Approximately matching polygonal curves with respect to the Fre'chet
	distance},
  journal = {Comput. Geom.},
  year = {2005},
  volume = {30},
  pages = {113--127},
  number = {2},
  bibsource = {dblp computer science bibliography, http://dblp.org},
  biburl = {http://dblp.uni-trier.de/rec/bib/journals/comgeo/MosigC05},
  doi = {10.1016/j.comgeo.2004.05.004},
  timestamp = {Tue, 14 Oct 2014 12:06:35 +0200},
  url = {http://dx.doi.org/10.1016/j.comgeo.2004.05.004}
}

@INPROCEEDINGS{MunichP99,
  author = {Mario E. Munich and Pietro Perona},
  title = {Continuous Dynamic Time Warping for Translation-Invariant Curve Alignment
	with Applications to Signature Verification},
  booktitle = {{ICCV}},
  year = {1999},
  pages = {108--115},
  bibsource = {dblp computer science bibliography, http://dblp.org},
  biburl = {http://dblp.uni-trier.de/rec/bib/conf/iccv/MunichP99},
  timestamp = {Tue, 14 Oct 2014 13:22:35 +0200},
  url = {http://computer.org/proceedings/iccv/0164/vol%201/01640108abs.htm}
}

@ARTICLE{SharirS11,
  author = {Micha Sharir and Hayim Shaul},
  title = {Semialgebraic Range Reporting and Emptiness Searching with Applications},
  journal = {{SIAM} J. Comput.},
  year = {2011},
  volume = {40},
  pages = {1045--1074},
  number = {4},
  bibsource = {dblp computer science bibliography, http://dblp.org},
  biburl = {http://dblp.uni-trier.de/rec/bib/journals/siamcomp/SharirS11},
  doi = {10.1137/090765092},
  timestamp = {Tue, 14 Oct 2014 13:23:05 +0200},
  url = {http://dx.doi.org/10.1137/090765092}
}

@PHDTHESIS{Wenk02,
  author = {Wenk, Carola},
  title = {Shape matching in higher dimensions},
  school = {FU Berlin},
  year = {2002},
  added-at = {2015-09-09T20:38:54.000+0200},
  biburl = {http://www.bibsonomy.org/bibtex/2e5583f2e29b5dcda52ed84711090a17d/genealogie},
  dnbtitleid = {968040160},
  interhash = {4ae29bbd46de33378a406bf758a565ec},
  intrahash = {e5583f2e29b5dcda52ed84711090a17d},
  keywords = {dnb Mathematik Informatik Datenverarbeitung},
  timestamp = {2015-09-09T20:38:54.000+0200}
}

@PHDTHESIS{Wiratma10,
  author = {Lionov Wiratma},
  title = {Following the Majority: a New Algorithm for Computing a Median Trajectory},
  school = {Utrecht University},
  year = {2010}
}

@PHDTHESIS{Wylie13,
  author = {Tim Wylie},
  title = {The Discrete {F}r\'echet Distance with Applications},
  school = {Montana State University},
  year = {2013}
}

@ARTICLE{WylieZ13,
  author = {Tim Wylie and Binhai Zhu},
  title = {Protein Chain Pair Simplification under the Discrete Fr{\'{e}}chet
	Distance},
  journal = {{IEEE/ACM} Trans. Comput. Biology Bioinform.},
  year = {2013},
  volume = {10},
  pages = {1372--1383},
  number = {6},
  bibsource = {dblp computer science bibliography, http://dblp.org},
  biburl = {http://dblp.uni-trier.de/rec/bib/journals/tcbb/WylieZ13},
  doi = {10.1109/TCBB.2013.17},
  timestamp = {Tue, 14 Oct 2014 12:01:28 +0200},
  url = {http://doi.ieeecomputersociety.org/10.1109/TCBB.2013.17}
}

@ARTICLE{Zhu07,
  author = {Binhai Zhu},
  title = {Protein Local Structure Alignment Under the Discrete Fr{\'{e}}chet
	Distance},
  journal = {Journal of Computational Biology},
  year = {2007},
  volume = {14},
  pages = {1343--1351},
  number = {10},
  bibsource = {dblp computer science bibliography, http://dblp.org},
  biburl = {http://dblp.uni-trier.de/rec/bib/journals/jcb/Zhu07},
  doi = {10.1089/cmb.2007.0156},
  timestamp = {Tue, 14 Oct 2014 11:59:50 +0200},
  url = {http://dx.doi.org/10.1089/cmb.2007.0156}
}

